@article{Hammel1987,
title = "Do numerical orbits of chaotic dynamical processes represent true orbits? ",
journal = "Journal of Complexity ",
volume = "3",
number = "2",
pages = "136 - 145",
year = "1987",
note = "",
issn = "0885-064X",
doi = "http://dx.doi.org/10.1016/0885-064X(87)90024-0",
url = "http://www.sciencedirect.com/science/article/pii/0885064X87900240",
author = "Stephen M Hammel and James A Yorke and Celso Grebogi"
}
@ARTICLE{Barreto:2008,
AUTHOR = {Barreto, E. },
TITLE   = {{S}hadowing},
YEAR	= 2008,
JOURNAL	= Scholarpedia,
VOLUME  = 3,
NUMBER  = 1,
PAGES   = 2243,
NOTE   = {{revision #91760}},
}
